001  0000247
005  20180926172036.186
008  170912s||||     bl|||||||||||||||||por|u
020    $a9788575036686
040    $aPorto Alegre$bpor
080    $21997$a008(81)(=45)
090    $a008(81)(=45)$bC347a
100 1  $aCastanha, Marilda
245 10 $aAgbalá$bum lugar continente$cMarilda Castanha
260    $aSão Paulo$bCosac Naify$c2008
300    $a48 p.
490 0  $aColeção Histórias para contar história
650    $aEscravidão
650    $aAncestralidade
650    $aCultura Negra
650    $aNegros
651    $aBrasil
651    $aÁfrica
